@mastersthesis{virkkala,
    author    = "Timo Virkkala",
    title     = "Solving Sokoban",
    school    = "University of Helsinki",
    year      = "2011"
}

@article{junghanns2001sokoban,
  title={Sokoban: Enhancing general single-agent search methods using domain knowledge},
  author={Junghanns, Andreas and Schaeffer, Jonathan},
  journal={Artificial Intelligence},
  volume={129},
  number={1},
  pages={219--251},
  year={2001},
  publisher={Elsevier}
}